@article{milligan_astington_dack_2007, title={Language and Theory of Mind: Meta-Analysis of the Relation Between Language Ability and False-belief Understanding}, volume={78}, DOI={10.1111/j.1467-8624.2007.01018.x}, number={2}, journal={Child Development}, author={Milligan, Karen and Astington, Janet Wilde and Dack, Lisa Ain}, year={2007}, pages={622–646}} 
@article{perner_leekam_wimmer_1987, title={Three-year-olds difficulty with false belief: The case for a conceptual deficit}, volume={5}, DOI={10.1111/j.2044-835x.1987.tb01048.x}, number={2}, journal={British Journal of Developmental Psychology}, author={Perner, Josef and Leekam, Susan R. and Wimmer, Heinz}, year={1987}, pages={125–137}} 
@article{peterson_siegal_1999, title={Representing Inner Worlds: Theory of Mind in Autistic, Deaf, and Normal Hearing Children}, volume={10}, DOI={10.1111/1467-9280.00119}, number={2}, journal={Psychological Science}, author={Peterson, Candida C. and Siegal, Michael}, year={1999}, pages={126–129}} 
@article{peterson_2004, title={Theory-of-mind development in oral deaf children with cochlear implants or conventional hearing aids}, volume={45}, DOI={10.1111/j.1469-7610.2004.t01-1-00302.x}, number={6}, journal={Journal of Child Psychology and Psychiatry}, author={Peterson, Candida C.}, year={2004}, pages={1096–1106}} 
@article{schick_villiers_villiers_hoffmeister_2007, title={Language and Theory of Mind: A Study of Deaf Children}, volume={78}, DOI={10.1111/j.1467-8624.2007.01004.x}, number={2}, journal={Child Development}, author={Schick, Brenda and Villiers, Peter De and Villiers, Jill De and Hoffmeister, Robert}, year={2007}, pages={376–396}} 
@article{wimmer_1983, title={Beliefs about beliefs: Representation and constraining function of wrong beliefs in young childrens understanding of deception}, volume={13}, DOI={10.1016/0010-0277(83)90004-5}, number={1}, journal={Cognition}, author={Wimmer, H}, year={1983}, pages={103–128}} 
@article{woolfe_want_siegal_2002, title={Signposts to Development: Theory of Mind in Deaf Children}, volume={73}, DOI={10.1111/1467-8624.00437}, number={3}, journal={Child Development}, author={Woolfe, Tyron and Want, Stephen C. and Siegal, Michael}, year={2002}, pages={768–778}}
@article{jenkins_astington_1996, title={Cognitive factors and family structure associated with theory of mind development in young children.}, volume={32}, DOI={10.1037//0012-1649.32.1.70}, number={1}, journal={Developmental Psychology}, author={Jenkins, Jennifer M. and Astington, Janet Wilde}, year={1996}, pages={70–78}}
@article{peterson_slaughter_2006, title={Telling the story of theory of mind: Deaf and hearing childrens narratives and mental state understanding}, volume={24}, DOI={10.1348/026151005x60022}, number={1}, journal={British Journal of Developmental Psychology}, author={Peterson, Candida C. and Slaughter, Virginia P.}, year={2006}, pages={151–179}}
@article{figueras-costa_harris_2001, title={Theory of Mind Development in Deaf Children: A Nonverbal Test of False-Belief Understanding}, volume={6}, DOI={10.1093/deafed/6.2.92}, number={2}, journal={Journal of Deaf Studies and Deaf Education}, author={Figueras-Costa, B. and Harris, P.}, year={2001}, pages={92–102}}
@article{peterson_siegal_2000, title={Insights into Theory of Mind from Deafness and Autism}, volume={15}, DOI={10.1111/1468-0017.00126}, number={1}, journal={Mind and Language}, author={Peterson, Candida C. and Siegal, Michael}, year={2000}, pages={123–145}}
@article{baron-cohen_leslie_frith_1985, title={Does the autistic child have a “theory of mind” ?}, volume={21}, DOI={10.1016/0010-0277(85)90022-8}, number={1}, journal={Cognition}, author={Baron-Cohen, Simon and Leslie, Alan M. and Frith, Uta}, year={1985}, pages={37–46}}