@Article{dynamic_analysis,
	author = {Bittner Barnab√°s},
	title = {Industrial perspective on static analysis},
	journal = {Software Engineering Journal},
	year = {1995},
	volume = {Vol 4},
	pages = {1--2}
}