@article{diener_suh_lucas_smith_1999, 
	title={Subjective well-being: Three decades of progress.}, volume={125}, 
	DOI={10.1037/0033-2909.125.2.276}, 
	number={2}, 
	journal={Psychological Bulletin}, 
	author={Diener and others}, 
	year={1999}, 
	pages={276–302}
}
@article{joshanloo_weijers_2013, 
	title={Aversion to Happiness Across Cultures: A Review of Where and Why People are Averse to Happiness}, 
	volume={15}, 
	DOI={10.1007/s10902-013-9489-9}, 
	number={3}, 
	journal={Journal of Happiness Studies}, 
	author={Joshanloo, Mohsen and Weijers, Dan}, 
	year={2013}, 
	pages={717–735}
}
@article{gruber_mauss_tamir_2011, 
	title={A Dark Side of Happiness? How, When, and Why Happiness Is Not Always Good}, 
	volume={6}, 
	DOI={10.1177/1745691611406927}, 
	number={3}, 
	journal={Perspectives on Psychological Science}, 
	author={Gruber, June and Mauss, Iris B. and Tamir, Maya}, year={2011}, 
	pages={222–233}
}

@article{joshanloo_2013,
	title={The influence of fear of happiness beliefs on responses to the satisfaction with life scale}, volume={54},
	DOI={10.1016/j.paid.2012.11.011}, 
	number={5},
	journal={Personality and Individual Differences}, author={Joshanloo and others},
	year={2013},
	pages={647–651}
}
@article{gilbert_mcewan_gibbons_chotai_duarte_matos_2011, title={Fears of compassion and happiness in relation to alexithymia, mindfulness, and self-criticism},
 volume={85},
 DOI={10.1111/j.2044-8341.2011.02046.x},
 number={4}, 
 journal={Psychology and Psychotherapy: Theory, Research and Practice},
 author={Gilbert, P. and Mcewan, K. and Gibbons, L. and Chotai, S. and Duarte, J. and Matos, M.},
 year={2011}, 
 month={Aug}, 
 pages={374–390}}

@article{gilbert_mcewan_catarino_baiao_palmeira_2013, title={Fears of happiness and compassion in relationship with depression, alexithymia, and attachment security in a depressed sample}, 
	volume={53},
	 DOI={10.1111/bjc.12037}, 
	 number={2}, 
	 journal={British Journal of Clinical Psychology}, author={Gilbert, Paul and Mcewan, Kirsten and Catarino, Francisca and Baião, Rita and Palmeira, Lara}, year={2013},
	  pages={228–244}}
  
@article{joshanloo_lepshokova_panyusheva_natalia_poon_yeung_sundaram_achoui_asano_igarashi, 
	title={Cross-Cultural Validation of Fear of Happiness Scale Across 14 National Groups}, 
  volume={45}, 
  DOI={10.1177/0022022113505357}, 
  number={2}, 
  journal={Journal of Cross-Cultural Psychology}, author={Joshanloo, Mohsen and Lepshokova, Zarina Kh. and Panyusheva, Tatiana and Natalia, Amerkhanova and Poon, Wai-Ching and Yeung, Victoria Wai-Lan and Sundaram, Suresh and Achoui, Mustapha and Asano, Ryosuke and Igarashi, Tasuku and et al.}, 
  year={2013}, 
  month={Mar}, 
  pages={246–264}}

@article{joshanloo_2013_eastern, 
title={Eastern Conceptualizations of Happiness: Fundamental Differences with Western Views}, 
volume={15}, 
DOI={10.1007/s10902-013-9431-1}, 
number={2}, 
journal={Journal of Happiness Studies}, 
author={Joshanloo, Mohsen}, 
year={2013}, 
pages={475–493}}

@article{gilbert_2014, 
title={Fears of Negative Emotions in Relation to Fears of Happiness, Compassion,Alexithymia and Psychopathology in a Depressed Population: A Preliminary Study}, 
volume={S2}, 
DOI={10.4172/2167-1044.s2-004}, 
number={01}, 
journal={Journal of Depression and Anxiety}, author={Gilbert, Paul and McEwan, Kirsten and Catarino, Francisca and Baiao, Rita}, 
year={2014}}