@article{abbott_cameron_2014, title={What Makes a Young Assertive Bystander? The Effect of Intergroup Contact, Empathy, Cultural Openness, and In-Group Bias on Assertive Bystander Intervention Intentions}, volume={70}, DOI={10.1111/josi.12053}, number={1}, journal={Journal of Social Issues}, author={Abbott, Nicola and Cameron, Lindsey}, year={2014}, pages={167–182}} 
@article{anderssen_2002, title={Does contact with lesbians and gays lead to friendlier attitudes? a two year longitudinal study}, volume={12}, DOI={10.1002/casp.665}, number={2}, journal={Journal of Community & Applied Social Psychology}, author={Anderssen, Norman}, year={2002}, pages={124–136}} 
@article{baiocco_laghi_pomponio_nigito_2012, title={Self-disclosure to the best friend: Friendship quality and internalized sexual stigma in Italian lesbian and gay adolescents}, volume={35}, DOI={10.1016/j.adolescence.2011.08.002}, number={2}, journal={Journal of Adolescence}, author={Baiocco, Roberto and Laghi, Fiorenzo and Pomponio, Ileana Di and Nigito, Concetta Simona}, year={2012}, pages={381–387}} 
@article{capozza_falvo_trifiletti_pagani_2014, title={Cross-group Friendships, Extended Contact, and Humanity Attributions to Homosexuals}, volume={114}, DOI={10.1016/j.sbspro.2013.12.698}, journal={Procedia - Social and Behavioral Sciences}, author={Capozza, Dora and Falvo, Rossella and Trifiletti, Elena and Pagani, Ariela}, year={2014}, pages={276–282}} 
@article{crosby_wilson_2015, title={Let’s Not, and Say We Would: Imagined and Actual Responses to Witnessing Homophobia}, volume={62}, DOI={10.1080/00918369.2015.1008284}, number={7}, journal={Journal of Homosexuality}, author={Crosby, Jennifer Randall and Wilson, Johannes}, year={2015}, pages={957–970}} 
@article{dasgupta_rivera_2008, title={When Social Context Matters: The Influence of Long–Term Contact and Short–Term Exposure to Admired Outgroup Members on Implicit Attitudes and Behavioral Intentions}, volume={26}, DOI={10.1521/soco.2008.26.1.112}, number={1}, journal={Social Cognition}, author={Dasgupta, Nilanjana and Rivera, Luis M.}, year={2008}, pages={112–123}} 
@article{kawakami_dunn_karmali_dovidio_2009, title={Mispredicting Affective and Behavioral Responses to Racism}, volume={323}, DOI={10.1126/science.1164951}, number={5911}, journal={Science}, author={Kawakami, K. and Dunn, E. and Karmali, F. and Dovidio, J. F.}, year={2009}, pages={276–278}} 
@article{poteat_vecho_2016, title={Who intervenes against homophobic behavior? Attributes that distinguish active bystanders}, volume={54}, DOI={10.1016/j.jsp.2015.10.002}, journal={Journal of School Psychology}, author={Poteat, V. Paul and Vecho, Olivier}, year={2016}, pages={17–28}} 
@article{stotzer_2008, title={Straight Allies: Supportive Attitudes Toward Lesbians, Gay Men, and Bisexuals in a College Sample}, volume={60}, DOI={10.1007/s11199-008-9508-1}, number={1-2}, journal={Sex Roles}, author={Stotzer, Rebecca L.}, year={2008}, pages={67–80}} 
@article{zotti_carnaghi_piccoli_bianchi_2018, title={Individual and Contextual Factors Associated with School Staff Responses to Homophobic Bullying}, DOI={10.1007/s13178-018-0362-9}, journal={Sexuality Research and Social Policy}, author={Zotti, Davide and Carnaghi, Andrea and Piccoli, Valentina and Bianchi, Mauro}, year={2018}}
@article{sakalh_ugurlu_2002, title={Effects of Social Contact with Homosexuals on Heterosexual Turkish University Students Attitudes Towards Homosexuality}, volume={42}, DOI={10.1300/j082v42n01_03}, number={1}, journal={Journal of Homosexuality}, author={Sakalh, Nuray and Ugurlu, Ozanser}, year={2002}, pages={53–62}}
@article{pettigrew_1997, title={Generalized intergroup contact effects on prejudice}, volume={23}, DOI={10.1177/0146167297232006 }, number={2}, journal={Personality and Social Psychology Bulletin}, author={Pettigrew, Thomas F.}, year={1997}, pages={173–185}}
@book{judit_2011, place={Budapest}, title={Homofóbia Magyarországon és Európában}, publisher={L'Harmattan Kiadó}, author={Takács, Judit}, year={2011}}
@article{christie_allport_1954, title={The Nature of Prejudice}, volume={67}, DOI={10.2307/1418507}, number={4}, journal={The American Journal of Psychology}, author={Christie, Richard and Allport, Gordon W.}, year={1954}, pages={742}}
@article{antonio_guerra_moleiro_2017, title={Having friends with gay friends? The role of extended contact, empathy and threat on assertive bystanders behavioural intentions}, volume={31}, DOI={10.17575/rpsicol.v31i2.1138}, number={2}, journal={Psicologia}, author={António, Raquel and Guerra, Rita and Moleiro, Carla}, year={2017}, pages={15–24}}
@article{hinduja_patchin_2010, title={Bullying, Cyberbullying, and Suicide, Archives of Suicide Research}, volume={14}, DOI={10.1080/13811118.2010.494133 }, number={3}, author={Hinduja, Sameer and Patchin, Justin W.}, year={2010}, pages={206–221}}
@article{baunach_burgess_muse_2009, title={Southern (Dis)Comfort: Sexual Prejudice And Contact With Gay Men And Lesbians In The South}, volume={30}, DOI={10.1080/02732170903340893}, number={1}, journal={Sociological Spectrum}, author={Baunach, Dawn M. and Burgess, Elisabeth O. and Muse, Courtney S.}, year={2009}, pages={30–64}}
@article{szekeres_halperin_kende_saguy, title={The effect of moral loss and gain mindset on confronting racism}, journal={Journal of Experimental Social Psychology.}, author={Szekeres, Hanna and Halperin, E. and Kende, Anna and Saguy, T.}, year={2019}}
@article{anderson_koc_falomir-pichastor_2017, title={Attitudes Toward Homosexuality Scale--Short Form; English Version}, DOI={10.1037/t67178-000}, journal={PsycTESTS Dataset}, author={Anderson, Joel R. and Koc, Yasin and Falomir-Pichastor, Juan Manuel}, year={2017}}
@article{jang_lee_2014, title={Attitudes Toward Gays and Policy Support Index}, DOI={10.1037/t46196-000}, journal={PsycTESTS Dataset}, author={Jang, S. Mo and Lee, Hoon}, year={2014}}
@article{boso_emanuele_minazzi_abbamonte_politi_2007, title={Effect of Long-Term Interactive Music Therapy on Behavior Profile and Musical Skills in Young Adults with Severe Autism}, volume={13}, DOI={10.1089/acm.2006.6334}, number={7}, journal={The Journal of Alternative and Complementary Medicine}, author={Boso, Marianna and Emanuele, Enzo and Minazzi, Vera and Abbamonte, Marta and Politi, Pierluigi}, year={2007}, pages={709–712}}
@article{finnigan_starr_2010, title={Increasing social responsiveness in a child with autism}, volume={14}, DOI={10.1177/1362361309357747}, number={4}, journal={Autism}, author={Finnigan, Emily and Starr, Elizabeth}, year={2010}, pages={321–348}} 
@article{kern_wolery_aldridge_2006, title={Use of Songs to Promote Independence in Morning Greeting Routines For Young Children With Autism}, volume={37}, DOI={10.1007/s10803-006-0272-1}, number={7}, journal={Journal of Autism and Developmental Disorders}, author={Kern, Petra and Wolery, Mark and Aldridge, David}, year={2006}, pages={1264–1271}}

@article{kim_wigram_gold_2009, title={Emotional, motivational and interpersonal responsiveness of children with autism in improvisational music therapy}, volume={13}, DOI={10.1177/1362361309105660}, number={4}, journal={Autism}, author={Kim, Jinah and Wigram, Tony and Gold, Christian}, year={2009}, pages={389–409}}

@online{WHO,
	title  = {Autism Spectrum Disorder},
	date   = {2018-04},
	url    = {https://www.who.int/news-room/fact-sheets/detail/autism-spectrum-disorders}
}
@article{milligan_astington_dack_2007, title={Language and Theory of Mind: Meta-Analysis of the Relation Between Language Ability and False-belief Understanding}, volume={78}, DOI={10.1111/j.1467-8624.2007.01018.x}, number={2}, journal={Child Development}, author={Milligan, Karen and Astington, Janet Wilde and Dack, Lisa Ain}, year={2007}, pages={622–646}} 
@article{perner_leekam_wimmer_1987, title={Three-year-olds difficulty with false belief: The case for a conceptual deficit}, volume={5}, DOI={10.1111/j.2044-835x.1987.tb01048.x}, number={2}, journal={British Journal of Developmental Psychology}, author={Perner, Josef and Leekam, Susan R. and Wimmer, Heinz}, year={1987}, pages={125–137}} 
@article{peterson_siegal_1999, title={Representing Inner Worlds: Theory of Mind in Autistic, Deaf, and Normal Hearing Children}, volume={10}, DOI={10.1111/1467-9280.00119}, number={2}, journal={Psychological Science}, author={Peterson, Candida C. and Siegal, Michael}, year={1999}, pages={126–129}} 
@article{peterson_2004, title={Theory-of-mind development in oral deaf children with cochlear implants or conventional hearing aids}, volume={45}, DOI={10.1111/j.1469-7610.2004.t01-1-00302.x}, number={6}, journal={Journal of Child Psychology and Psychiatry}, author={Peterson, Candida C.}, year={2004}, pages={1096–1106}} 
@article{schick_villiers_villiers_hoffmeister_2007, title={Language and Theory of Mind: A Study of Deaf Children}, volume={78}, DOI={10.1111/j.1467-8624.2007.01004.x}, number={2}, journal={Child Development}, author={Schick, Brenda and Villiers, Peter De and Villiers, Jill De and Hoffmeister, Robert}, year={2007}, pages={376–396}} 
@article{wimmer_1983, title={Beliefs about beliefs: Representation and constraining function of wrong beliefs in young childrens understanding of deception}, volume={13}, DOI={10.1016/0010-0277(83)90004-5}, number={1}, journal={Cognition}, author={Wimmer, H}, year={1983}, pages={103–128}} 
@article{woolfe_want_siegal_2002, title={Signposts to Development: Theory of Mind in Deaf Children}, volume={73}, DOI={10.1111/1467-8624.00437}, number={3}, journal={Child Development}, author={Woolfe, Tyron and Want, Stephen C. and Siegal, Michael}, year={2002}, pages={768–778}}
@article{jenkins_astington_1996, title={Cognitive factors and family structure associated with theory of mind development in young children.}, volume={32}, DOI={10.1037//0012-1649.32.1.70}, number={1}, journal={Developmental Psychology}, author={Jenkins, Jennifer M. and Astington, Janet Wilde}, year={1996}, pages={70–78}}
@article{peterson_slaughter_2006, title={Telling the story of theory of mind: Deaf and hearing childrens narratives and mental state understanding}, volume={24}, DOI={10.1348/026151005x60022}, number={1}, journal={British Journal of Developmental Psychology}, author={Peterson, Candida C. and Slaughter, Virginia P.}, year={2006}, pages={151–179}}
@article{figueras-costa_harris_2001, title={Theory of Mind Development in Deaf Children: A Nonverbal Test of False-Belief Understanding}, volume={6}, DOI={10.1093/deafed/6.2.92}, number={2}, journal={Journal of Deaf Studies and Deaf Education}, author={Figueras-Costa, B. and Harris, P.}, year={2001}, pages={92–102}}
@article{peterson_siegal_2000, title={Insights into Theory of Mind from Deafness and Autism}, volume={15}, DOI={10.1111/1468-0017.00126}, number={1}, journal={Mind and Language}, author={Peterson, Candida C. and Siegal, Michael}, year={2000}, pages={123–145}}
@article{baron-cohen_leslie_frith_1985, title={Does the autistic child have a “theory of mind” ?}, volume={21}, DOI={10.1016/0010-0277(85)90022-8}, number={1}, journal={Cognition}, author={Baron-Cohen, Simon and Leslie, Alan M. and Frith, Uta}, year={1985}, pages={37–46}}
@article{diener_suh_lucas_smith_1999, 
	title={Subjective well-being: Three decades of progress.}, volume={125}, 
	DOI={10.1037/0033-2909.125.2.276}, 
	number={2}, 
	journal={Psychological Bulletin}, 
	author={Diener and others}, 
	year={1999}, 
	pages={276–302}
}
@article{joshanloo_weijers_2013, 
	title={Aversion to Happiness Across Cultures: A Review of Where and Why People are Averse to Happiness}, 
	volume={15}, 
	DOI={10.1007/s10902-013-9489-9}, 
	number={3}, 
	journal={Journal of Happiness Studies}, 
	author={Joshanloo, Mohsen and Weijers, Dan}, 
	year={2013}, 
	pages={717–735}
}
@article{gruber_mauss_tamir_2011, 
	title={A Dark Side of Happiness? How, When, and Why Happiness Is Not Always Good}, 
	volume={6}, 
	DOI={10.1177/1745691611406927}, 
	number={3}, 
	journal={Perspectives on Psychological Science}, 
	author={Gruber, June and Mauss, Iris B. and Tamir, Maya}, year={2011}, 
	pages={222–233}
}

@article{joshanloo_2013,
	title={The influence of fear of happiness beliefs on responses to the satisfaction with life scale}, volume={54},
	DOI={10.1016/j.paid.2012.11.011}, 
	number={5},
	journal={Personality and Individual Differences}, author={Joshanloo and others},
	year={2013},
	pages={647–651}
}
@article{gilbert_mcewan_gibbons_chotai_duarte_matos_2011, title={Fears of compassion and happiness in relation to alexithymia, mindfulness, and self-criticism},
 volume={85},
 DOI={10.1111/j.2044-8341.2011.02046.x},
 number={4}, 
 journal={Psychology and Psychotherapy: Theory, Research and Practice},
 author={Gilbert, P. and Mcewan, K. and Gibbons, L. and Chotai, S. and Duarte, J. and Matos, M.},
 year={2011}, 
 month={Aug}, 
 pages={374–390}}

@article{gilbert_mcewan_catarino_baiao_palmeira_2013, title={Fears of happiness and compassion in relationship with depression, alexithymia, and attachment security in a depressed sample}, 
	volume={53},
	 DOI={10.1111/bjc.12037}, 
	 number={2}, 
	 journal={British Journal of Clinical Psychology}, author={Gilbert, Paul and Mcewan, Kirsten and Catarino, Francisca and Baião, Rita and Palmeira, Lara}, year={2013},
	  pages={228–244}}
  
@article{joshanloo_lepshokova_panyusheva_natalia_poon_yeung_sundaram_achoui_asano_igarashi, 
	title={Cross-Cultural Validation of Fear of Happiness Scale Across 14 National Groups}, 
  volume={45}, 
  DOI={10.1177/0022022113505357}, 
  number={2}, 
  journal={Journal of Cross-Cultural Psychology}, author={Joshanloo, Mohsen and Lepshokova, Zarina Kh. and Panyusheva, Tatiana and Natalia, Amerkhanova and Poon, Wai-Ching and Yeung, Victoria Wai-Lan and Sundaram, Suresh and Achoui, Mustapha and Asano, Ryosuke and Igarashi, Tasuku and et al.}, 
  year={2013}, 
  month={Mar}, 
  pages={246–264}}

@article{joshanloo_2013_eastern, 
title={Eastern Conceptualizations of Happiness: Fundamental Differences with Western Views}, 
volume={15}, 
DOI={10.1007/s10902-013-9431-1}, 
number={2}, 
journal={Journal of Happiness Studies}, 
author={Joshanloo, Mohsen}, 
year={2013}, 
pages={475–493}}

@article{gilbert_2014, 
title={Fears of Negative Emotions in Relation to Fears of Happiness, Compassion,Alexithymia and Psychopathology in a Depressed Population: A Preliminary Study}, 
volume={S2}, 
DOI={10.4172/2167-1044.s2-004}, 
number={01}, 
journal={Journal of Depression and Anxiety}, author={Gilbert, Paul and McEwan, Kirsten and Catarino, Francisca and Baiao, Rita}, 
year={2014}}