@article{boso_emanuele_minazzi_abbamonte_politi_2007, title={Effect of Long-Term Interactive Music Therapy on Behavior Profile and Musical Skills in Young Adults with Severe Autism}, volume={13}, DOI={10.1089/acm.2006.6334}, number={7}, journal={The Journal of Alternative and Complementary Medicine}, author={Boso, Marianna and Emanuele, Enzo and Minazzi, Vera and Abbamonte, Marta and Politi, Pierluigi}, year={2007}, pages={709–712}}
@article{finnigan_starr_2010, title={Increasing social responsiveness in a child with autism}, volume={14}, DOI={10.1177/1362361309357747}, number={4}, journal={Autism}, author={Finnigan, Emily and Starr, Elizabeth}, year={2010}, pages={321–348}} 
@article{kern_wolery_aldridge_2006, title={Use of Songs to Promote Independence in Morning Greeting Routines For Young Children With Autism}, volume={37}, DOI={10.1007/s10803-006-0272-1}, number={7}, journal={Journal of Autism and Developmental Disorders}, author={Kern, Petra and Wolery, Mark and Aldridge, David}, year={2006}, pages={1264–1271}}

@article{kim_wigram_gold_2009, title={Emotional, motivational and interpersonal responsiveness of children with autism in improvisational music therapy}, volume={13}, DOI={10.1177/1362361309105660}, number={4}, journal={Autism}, author={Kim, Jinah and Wigram, Tony and Gold, Christian}, year={2009}, pages={389–409}}

@online{WHO,
	title  = {Autism Spectrum Disorder},
	date   = {2018-04},
	url    = {https://www.who.int/news-room/fact-sheets/detail/autism-spectrum-disorders}
}